@misc{textbook,
  author={著者名または組織名},
  title={ページのタイトル},
  howpublished={\url{ウェブサイトのURL}},
  note={アクセス日: YYYY年MM月DD日}
}